@article{KoedingerKennethR.2015Dmae,
	issn = {1939-5078},
	journal = {Wiley Interdisciplinary Reviews: Cognitive Science},
	pages = {333--353},
	volume = {6},
	publisher = {John Wiley \& Sons, Inc.},
	number = {4},
	year = {2015},
	title = {Data mining and education},
	address = {Hoboken, USA},
	author = {Koedinger, Kenneth R. and D' Mello, Sidney and Mclaughlin, Elizabeth A. and Pardos, Zachary A. and Rosé, Carolyn P.},
	keywords = {Tutoring ; Educational Technology ; Collaboration ; Data Mining;},
	month = {July}
}

@manual{alunosEstado.2016,
	Address = {Secretaria de Educação, PE},
	Author = {Anamaria Nascimento and Max Felipe},
	Date-Added = {2016-02-22 07:18:50 +0000},
	Date-Modified = {2016-02-22 07:34:25 +0000},
	Organization = {Diário de Pernambuco},
	Title = {Quize mil alunos migram para a rede estadual por ano},
	Url = {http://www.diariodepernambuco.com.br/app/noticia/vida-urbana/2016/02/22/interna_vidaurbana,628241/quinze-mil-alunos-migram-para-a-rede-estadual-por-ano.shtml},
	Urlaccessdate = {14 nov. 2017},
	Year = {2016}
}

@phdthesis{RodrigoRodrigues2016,
	Address = {Universidade Federal de Pernambuco},
	Author = {Rodrigo Lins Rodrigues},
	Date-Added = {2016-04-15 11:35:28 +0000},
	Date-Modified = {2016-04-21 11:35:28 +0000},
	School = {Centro de Informática, Universidade de Pernambuco},
	Title = {Uma abordagem de Mineração de Dados Educacionais para previsão de desempenho a partir de padrões comportamentais de Autorregulação da Aprendizagem},
	Url = {http://www.cin.ufpe.br/~posgraducao},
	Urlaccessdate = {14 nov. 2017},
	Year = {2016}
}

@article{Oliveira2012,
	author = {Oliveira, Armanda M. C. de A. and Rodrigues, Rodrigo Lins and Garcia, Vinicius C.},
	doi = {http://dx.doi.org/10.5753/cbie.wie.2012.%25p},
	issn = {2316-6541},
	journal = {Anais do Workshop de Informática na Escola},
	number = {1},
	volume = {1},
	title = {Um Mapeamento Sistemático para Problem Based Learning aplicado Ciência da Computação},
	url = {http://www.br-ie.org/pub/index.php/wie/article/download/2127/1893},
	Urlaccessdate = {14 nov. 2017},
	Year = {2012}
}

@article{Freire1987,
	author = {Freire, Paulo},
	file = {:home/othon/Doutorado/PauloFreire/Pedagogia do oprimido - Paulo Freire.pdf:pdf},
	isbn = {9788577530168 8577530167},
	journal = {Educação e Tecnologia},
	mendeley-groups = {PauloFreire},
	pages = {107},
	title = {{Pedagoia Do Oprimido}},
	url = {http://revistas.utfpr.edu.br/pb/index.php/revedutec-ct/article/view/1007},
	volume = {21},
	year = {1987}
}
